<?xml version="1.0" encoding="UTF-8"?><collection xmlns="http://www.loc.gov/MARC21/slim"><record><leader>00411nam--2200133-i-4500</leader><controlfield tag="001">000026818</controlfield><controlfield tag="002">20161230</controlfield><controlfield tag="005">20161230201036</controlfield><controlfield tag="008">060222s1000------------r-----000-0-eng-d</controlfield><datafield ind1=" " ind2=" " tag="080"><subfield code="a">546.29:535.34</subfield></datafield><datafield ind1=" " ind2=" " tag="100"><subfield code="a">Kluiver, Hans De</subfield></datafield><datafield ind1=" " ind2=" " tag="245"><subfield code="a">The influence of noble gases on the mercury resonance line (2537a) with increase of perturber density</subfield></datafield><datafield ind1=" " ind2=" " tag="260"><subfield code="a">Amsterdam, Van Gorcum And Comp., 1959, 95p</subfield></datafield><datafield ind1=" " ind2=" " tag="852"><subfield code="a">77048</subfield></datafield></record></collection>